%% This BibTeX bibliography file was created using BibDesk.
%% http://bibdesk.sourceforge.net/


%% Created for ZhehaoWang at 2014-09-19 13:04:46 -0700 


%% Saved with string encoding Unicode (UTF-8) 

@ARTICLE{wentao-bms, 
author={Wentao Shang and Qiuhan Ding and Marianantoni, A. and Burke, J. and Lixia Zhang}, 
journal={Network, IEEE}, 
title={Securing building management systems using named data networking}, 
year={2014}, 
volume={28}, 
number={3}, 
pages={50-56}, 
keywords={Internet;authorisation;building management systems;cryptography;data acquisition;data visualisation;online front-ends;IP-based open standard technologies;Internet architecture;NDN;UCLA campus testbed;Web browser-based data visualization interface;access control lists;building automation systems;building management systems;data-centric BMS design;encryption keys;encryption-based access control;hierarchical data namespace;industry standard sensors;information-centric networking architecture designs;named data networking;sensor data acquisition system;software-hardware interoperability;Access control;Building automation;Cryptography;IP networks;Information retrieval;Information technology;Logic gates;Network architecture;Network security;Protocols}, 
doi={10.1109/MNET.2014.6843232}, 
ISSN={0890-8044}, 
month={May},}
